=LDR  00000nam a22000003i 4500
=005  20250709000312.4
=008  250709s2024||||au\||||||||||||||\||ger||
=024  8\$a38N240425
=033  0\$a20240425
=040  \\$aUkOxU$beng$erda$cUkOxU
=041  0\$ager$aeng
=245  00$aGemälde des 19. Jahrhunderts :$bDonnerstag, 25. April 2024, Beginn 18 Uhr.
=246  31$a19th century paintings :$bThursday, 25 April 2024, starting at 6pm.
=264  \1$aBad Vöslau :$bDorotheum GmbH & Co KG,$c[2024?]
=300  \\$a293 pages ;$c29 cm
=336  \\$atext$2rdacontent
=337  \\$aunmediated$2rdamedia
=338  \\$avolume$2rdacarrier
=876  \\$p309046850
=904  \\$aOxford Local Record

