=LDR  00000nam a22000003i 4500
=005  20250709000312.4
=008  250709s2024||||au\||||||||||||||\||eng||
=024  8\$a38NA240424
=033  0\$a20240424
=040  \\$aUkOxU$beng$erda$cUkOxU
=245  00$aOld Master Paintings :$bWednesday, 24th April 2024, starting at 6 p.m.
=264  \1$aBad Vöslau :$bDorotheum GmbH & Co KG,$c[2024?]
=300  \\$a301 pages ;$c29 cm
=336  \\$atext$2rdacontent
=337  \\$aunmediated$2rdamedia
=338  \\$avolume$2rdacarrier
=876  \\$p309046851
=904  \\$aOxford Local Record

