=LDR  00000nam a22000003i 4500
=005  20250709000312.4
=008  250709s2023||||au\||||||||||||||\||ger||
=024  8\$a38N230502
=033  0\$a20230502
=040  \\$aUkOxU$beng$erda$cUkOxU
=041  0\$ager$aeng
=245  00$aGemälde des 19. Jahrhunderts :$bDienstag, 2. Mai 2023, Beginn 18 Uhr.
=246  31$a19th century paintings :$bTuesday, 2 May 2023, starting at 6 pm
=264  \1$aBad Vöslau :$bDorotheum GmbH & Co KG,$c[2023?]
=300  \\$a285 pages ;$c29 cm
=336  \\$atext$2rdacontent
=337  \\$aunmediated$2rdamedia
=338  \\$avolume$2rdacarrier
=876  \\$p309046852
=904  \\$aOxford Local Record

