=LDR  00000nam a22000003i 4500
=005  20250709000312.4
=008  250709s2023||||au\||||||||||||||\||eng||
=024  8\$a38A230503
=033  0\$a20230503
=040  \\$aUkOxU$beng$erda$cUkOxU
=245  00$aOld Master Paintings :$bWednesday, 3rd May, 2023, starting at 6 p.m.
=264  \1$aBad Vöslau :$bDorotheum GmbH & Co KG,$c[2023?]
=300  \\$a312 pages ;$c29 cm
=336  \\$atext$2rdacontent
=337  \\$aunmediated$2rdamedia
=338  \\$avolume$2rdacarrier
=876  \\$p309046853
=904  \\$aOxford Local Record

