=LDR  00000nam a22000003i 4500
=005  20250709000312.4
=008  250709s2023||||au\||||||||||||||\||ger||
=024  8\$a38N231024
=033  0\$a20241024
=040  \\$aUkOxU$beng$erda$cUkOxU
=041  0\$ager$aeng
=245  00$aGemälde des 19. Jahrhunderts :$bDienstag, 24. Oktober 2023, Beginn 18 Uhr.
=246  31$a19th century paintings :$bTuesday, 24 October 2023, starting at 6 pm
=264  \1$aBad Vöslau :$bDorotheum GmbH & Co KG,$c[2023?]
=300  \\$a309 pages ;$c29 cm
=336  \\$atext$2rdacontent
=337  \\$aunmediated$2rdamedia
=338  \\$avolume$2rdacarrier
=500  \\$aSale code/date of sale  printed in error. Should be 2023.
=876  \\$p309046854
=904  \\$aOxford Local Record

