=LDR  00000nam a22000003i 4500
=005  20250709000312.4
=008  250709s2022||||au\||||||||||||||\||eng||
=033  0\$a20221110
=040  \\$aUkOxU$beng$erda$cUkOxU
=245  00$aOld Master Paintings, Part II :$bThursday, 10th November 2022 - online auction.
=264  \1$aBad Vöslau :$bDorotheum GmbH & Co KG,$c[2022?]
=300  \\$a272 pages ;$c29 cm
=336  \\$atext$2rdacontent
=337  \\$aunmediated$2rdamedia
=338  \\$avolume$2rdacarrier
=876  \\$p309046857
=904  \\$aOxford Local Record

