=LDR  00000nam a22000003i 4500
=005  20250709000312.4
=008  250709s2004||||gw\||||||||||||||\||ger||
=024  8\$a27A
=033  0\$a20040522
=040  \\$aUkOxU$beng$erda$cUkOxU
=041  0\$ager$aeng
=245  01$aAsiatische Kunst (27a) Netsuke, Kiseruzutsu, Inro :$bAus zwei Bedeutenden Privatsammlungen und anderem Besitz.
=246  31$aFine Asian Art
=264  \1$aStuttgart :$bNagel Auktionen,$c[2004?]
=300  \\$a158 pages ;$c24 cm
=336  \\$atext$2rdacontent
=337  \\$aunmediated$2rdamedia
=338  \\$avolume$2rdacarrier
=876  \\$p309046858
=904  \\$aOxford Local Record

