=LDR  00000nam a22000003i 4500
=005  20250709000312.4
=008  250709s2001||||gw\||||||||||||||\||ger||
=024  8\$a22A
=033  0\$a20011109
=040  \\$aUkOxU$beng$erda$cUkOxU
=041  0\$ager$aeng
=245  00$aSpezialauktion (22A) Asiatische Kunst: Japan, Korea :$bKunsthandwerk, Sakrale Kunst, Textilien, Malerei.
=264  \1$aStuttgart :$bNagel Auktionen,$c[2001?]
=300  \\$a326 pages ;$c24 cm
=336  \\$atext$2rdacontent
=337  \\$aunmediated$2rdamedia
=338  \\$avolume$2rdacarrier
=876  \\$p309046864
=904  \\$aOxford Local Record

