=LDR  00000nam a22000003i 4500
=005  20250709000312.4
=008  250709s2002||||gw\||||||||||||||\||ger||
=024  8\$a23A
=033  0\$a20020511
=040  \\$aUkOxU$beng$erda$cUkOxU
=041  0\$ager$aeng
=245  00$aSpezialauktion (23A) Asiatische Kunst: China, Tibet, Südostasien :$bKunsthandwerk, Sakrale Kunst, Textilien, Malerei.
=264  \1$aStuttgart :$bNagel Auktionen,$c[2002?]
=300  \\$a428 pages ;$c24 cm
=336  \\$atext$2rdacontent
=337  \\$aunmediated$2rdamedia
=338  \\$avolume$2rdacarrier
=876  \\$p309046868
=904  \\$aOxford Local Record

