=LDR  00000nam a22000003i 4500
=005  20250709000312.4
=008  250709s1971||||gw\||||||||||||||\||ger||
=024  8\$a182
=033  0\$a19711129
=040  \\$aUkOxU$beng$erda$cUkOxU
=245  00$aChina, Japan, Tibet, Siam, Indien, Indonesien, Persien, Amerika, Afrika, Südsee :$bAuktion 182 - am 29. November 1971.
=264  \1$aHamburg :$bDr. Ernst Hauswedell,$c[1971?]
=300  \\$a65 pages ;$c25 cm
=336  \\$atext$2rdacontent
=337  \\$aunmediated$2rdamedia
=338  \\$avolume$2rdacarrier
=876  \\$p309046871
=904  \\$aOxford Local Record

