=LDR  00000nam a22000003i 4500
=005  20250709000312.4
=008  250709s1952||||gw\||||||||||||||\||ger||
=024  8\$a51
=033  0\$a19521117
=040  \\$aUkOxU$beng$erda$cUkOxU
=245  00$aBronzen, Keramik, Porzellan, Malerei & Graphik Ostasiens :$bAuktion 51 - Montag, 17. November 1952.
=264  \1$aHamburg :$bDr. Ernst Hauswedell,$c[1952?]
=300  \\$a53 pages ;$c21 cm
=336  \\$atext$2rdacontent
=337  \\$aunmediated$2rdamedia
=338  \\$avolume$2rdacarrier
=876  \\$p309046873
=904  \\$aOxford Local Record

