=LDR  00000nam a22000003i 4500
=005  20250709000312.4
=008  250709s1953||||gw\||||||||||||||\||ger||
=033  1\$a19530423$a19530424$a19530425
=040  \\$aUkOxU$beng$erda$cUkOxU
=245  00$aBücher, Autographen, Graphik, Handzeichnungen Hamburgensien Ostasiatisches Kunstgewerbe :$bAuktion 52 und 53 - April 1953.
=264  \1$aHamburg :$bDr. Ernst Hauswedell,$c[1953?]
=300  \\$a224 pages ;$c21 cm
=336  \\$atext$2rdacontent
=337  \\$aunmediated$2rdamedia
=338  \\$avolume$2rdacarrier
=876  \\$p309046874
=904  \\$aOxford Local Record

