=LDR  00000nam a22000003i 4500
=005  20250709000312.4
=008  250709s1955||||gw\||||||||||||||\||ger||
=024  8\$a65
=033  0\$a19551205
=040  \\$aUkOxU$beng$erda$cUkOxU
=245  00$aChinesische und Japanische Kunst, Waffen aus Osteuropa und Asien, Altmexikanische Kunst, Afrikanische Kunst :$bAuktion 65 - Montag, 5. Dezember 1955.
=264  \1$aHamburg :$bDr. Ernst Hauswedell,$c[1955?]
=300  \\$a50 pages ;$c24 cm
=336  \\$atext$2rdacontent
=337  \\$aunmediated$2rdamedia
=338  \\$avolume$2rdacarrier
=876  \\$p309046875
=904  \\$aOxford Local Record

