=LDR  00000nam a22000003i 4500
=005  20250709000312.4
=008  250709s1956||||gw\||||||||||||||\||ger||
=024  8\$a68
=033  0\$a19560414
=040  \\$aUkOxU$beng$erda$cUkOxU
=245  00$aChinesische & Japanische Kunst, Afrikanische Kunst :$bAuktion 68 - Montag, den 14. Mai 1956.
=264  \1$aHamburg :$bDr. Ernst Hauswedell,$c[1956?]
=300  \\$a44 pages ;$c24 cm
=336  \\$atext$2rdacontent
=337  \\$aunmediated$2rdamedia
=338  \\$avolume$2rdacarrier
=876  \\$p309046876
=904  \\$aOxford Local Record

